@article{Collins,
    title = {{Building Your Company's Vision}},
    year = {1996},
    journal = {Harvard Business Review},
    author = {Collins, J. C. and Porras, J. I.},
    number = {5},
    pages = {65},
    volume = {74},
    isbn = {0017-8012},
    doi = {Article},
    issn = {0017-8012},
    pmid = {9609167704},
    arxivId = {http://ehis.ebscohost.com/}
}

@article{Gnatz,
    title = {{A practical approach of teaching Software Engineering}},
    journal = {Proceedings 16th Conference on Software Engineering Education and Training, 2003. (CSEE{\&}T 2003).},
    author = {Gnatz, M. and Kof, L. and Prilmeier, F. and Seifert, T.},
    pages = {120--128},
    url = {http://ieeexplore.ieee.org/document/1191369/},
    isbn = {0-7695-1869-9},
    doi = {10.1109/CSEE.2003.1191369},
    issn = {10930175}
}

@article{Epics,
    title = {{Learning by Doing : Reflections of the EPICS Program}},
    year = {2014},
    journal = {International Journal for Service Learning in Engineering, Humanitarian Engineering and Social Entrepreneurship},
    author = {Zoltowski, Carla B and Oakes, William C},
    number = {Special Edition},
    pages = {1--32},
    issn = {1555-9033},
    arxivId = {1555-9033},
    keywords = {Index Terms â€“ engineering community engagement, design, human-centered design, service-learning}
}

@article{ROS,
    title = {{ROS: an open-source Robot Operating System}},
    year = {2009},
    journal = {Icra},
    author = {Quigley, Morgan and Conley, Ken and Gerkey, Brian and Faust, Josh and Foote, Tully and Leibs, Jeremy and Berger, Eric and Wheeler, Rob and Mg, Andrew},
    number = {Figure 1},
    pages = {5},
    volume = {3},
    url = {http://pub1.willowgarage.com/~konolige/cs225B/docs/quigley-icra2009-ros.pdf},
    isbn = {0165-022X (Print){\textbackslash}r0165-022X (Linking)},
    doi = {http://www.willowgarage.com/papers/ros-open-source-robot-operating-system},
    issn = {0165-022X},
    pmid = {8844323},
    arxivId = {1106.4561}
}

@article{Turtle,
    title = {{ROS/Turtlebot}},
    author = {{ROS.org}},
    url = {http://wiki.ros.org/Robots/TurtleBot}
}