@article{Gnatz,
    title = {{A practical approach of teaching Software Engineering}},
    journal = {Proceedings 16th Conference on Software Engineering Education and Training, 2003. (CSEE{\&}T 2003).},
    author = {Gnatz, M. and Kof, L. and Prilmeier, F. and Seifert, T.},
    pages = {120--128},
    url = {http://ieeexplore.ieee.org/document/1191369/},
    isbn = {0-7695-1869-9},
    doi = {10.1109/CSEE.2003.1191369},
    issn = {10930175}
}

@article{standup,
    title = {{Academic education of software engineering practices: towards planning and improving capstone courses based upon intensive coaching and team routines}},
    year = {2013},
    journal = {2013 26th International Conference on Software Engineering Education and Training (CSEE{\&}T)},
    author = {Stettina, Christoph Johann and Back, Thomas and Katzy, Bernhard},
    month = {5},
    pages = {169--178},
    publisher = {Ieee},
    url = {http://ieeexplore.ieee.org/lpdocs/epic03/wrapper.htm?arnumber=6595248},
    isbn = {978-1-4673-5140-9},
    doi = {10.1109/CSEET.2013.6595248}
}

@article{Collins,
    title = {{Building Your Company's Vision}},
    year = {1996},
    journal = {Harvard Business Review},
    author = {Collins, J. C. and Porras, J. I.},
    number = {5},
    pages = {65},
    volume = {74},
    isbn = {0017-8012},
    doi = {Article},
    issn = {0017-8012},
    pmid = {9609167704},
    arxivId = {http://ehis.ebscohost.com/}
}

@article{Epics,
    title = {{Learning by Doing : Reflections of the EPICS Program}},
    year = {2014},
    journal = {International Journal for Service Learning in Engineering, Humanitarian Engineering and Social Entrepreneurship},
    author = {Zoltowski, Carla B and Oakes, William C},
    number = {Special Edition},
    pages = {1--32},
    issn = {1555-9033},
    arxivId = {1555-9033},
    keywords = {Index Terms â€“ engineering community engagement, design, human-centered design, service-learning}
}

@misc{blumenfeld,
    title = {{Motivating Project-Based Learning: Sustaining the Doing, Supporting the Learning}},
    year = {1991},
    booktitle = {Educational Psychologist},
    author = {Blumenfeld, Phyllis C. and Soloway, Elliot and Marx, Ronald W. and Krajcik, Joseph S. and Guzdial, Mark and Palincsar, Annemarie},
    number = {3-4},
    pages = {369--398},
    volume = {26},
    isbn = {00461520},
    doi = {10.1080/00461520.1991.9653139},
    issn = {15326985},
    pmid = {14943326},
    arxivId = {arXiv:1011.1669v3}
}

@incollection{projects,
    title = {{Project-Based Learning}},
    year = {2013},
    booktitle = {The Cambridge Handbook of the Learning Sciences},
    author = {Krajcik, Joseph S and Blumenfeld, Phyllis C},
    pages = {317--333},
    url = {http://free.openeclass.org/modules/document/file.php/ENG155/Projects online/CHAPTER 19 PBL Kraichik.docx},
    isbn = {1139452479, 9781139452472},
    doi = {doi:10.1017/CBO9780511816833.020}
}

@misc{roscommunity,
    title = {{ROS Community and Concepts}},
    author = {{ROS.org}},
    url = {http://wiki.ros.org/ROS/Concepts}
}

@article{ROS,
    title = {{ROS: an open-source Robot Operating System}},
    year = {2009},
    journal = {Icra},
    author = {Quigley, Morgan and Conley, Ken and Gerkey, Brian and Faust, Josh and Foote, Tully and Leibs, Jeremy and Berger, Eric and Wheeler, Rob and Mg, Andrew},
    number = {Figure 1},
    pages = {5},
    volume = {3},
    url = {http://pub1.willowgarage.com/~konolige/cs225B/docs/quigley-icra2009-ros.pdf},
    isbn = {0165-022X (Print){\textbackslash}r0165-022X (Linking)},
    doi = {http://www.willowgarage.com/papers/ros-open-source-robot-operating-system},
    issn = {0165-022X},
    pmid = {8844323},
    arxivId = {1106.4561}
}

@misc{Turtle,
    title = {{Site, Robot Operating System TurtleBot}},
    booktitle = {Web},
    url = {http://wiki.ros.org/Robots/TurtleBot}
}

@article{apprenticeship,
    title = {{The apprenticeship project for educating a STEM-based workforce and the dissemination of learning technology}},
    year = {2017},
    journal = {Proceedings - Frontiers in Education Conference, FIE},
    author = {Alterman, Richard and Altebarmakian, Maria and Harsch, Kendall},
    pages = {1--7},
    volume = {2017-Octob},
    isbn = {9781509059195},
    doi = {10.1109/FIE.2017.8190649},
    issn = {15394565}
}

@article{VIP,
    title = {{Vertically integrated projects (VIP) programs at international institutions: Multidisciplinary projects with homes in any discipline}},
    year = {2017},
    journal = {2017 ASEE International Forum},
    author = {Abler, R.T. and Coyle, E.J. and Juhna, T. and Kim, H. and Marshall, S. and Pardo, M. and Sonnenberg-Klein, J. and Percybrooks, W.S.},
    issn = {21535965},
    keywords = {diversity}
}

@misc{VIPSite,
    title = {{VIP Consortium Web Site}},
    url = {http://consortium.vip.gatech.edu}
}